%YAML 1.1
%TAG !u! tag:unity3d.com,2011:
--- !u!29 &1
OcclusionCullingSettings:
  m_ObjectHideFlags: 0
  serializedVersion: 2
  m_OcclusionBakeSettings:
    smallestOccluder: 5
    smallestHole: 0.25
    backfaceThreshold: 100
  m_SceneGUID: 00000000000000000000000000000000
  m_OcclusionCullingData: {fileID: 0}
--- !u!104 &2
RenderSettings:
  m_ObjectHideFlags: 0
  serializedVersion: 9
  m_Fog: 0
  m_FogColor: {r: 0.5, g: 0.5, b: 0.5, a: 1}
  m_FogMode: 3
  m_FogDensity: 0.01
  m_LinearFogStart: 0
  m_LinearFogEnd: 300
  m_AmbientSkyColor: {r: 0.212, g: 0.227, b: 0.259, a: 1}
  m_AmbientEquatorColor: {r: 0.114, g: 0.125, b: 0.133, a: 1}
  m_AmbientGroundColor: {r: 0.047, g: 0.043, b: 0.035, a: 1}
  m_AmbientIntensity: 1
  m_AmbientMode: 0
  m_SubtractiveShadowColor: {r: 0.42, g: 0.478, b: 0.627, a: 1}
  m_SkyboxMaterial: {fileID: 10304, guid: 0000000000000000f000000000000000, type: 0}
  m_HaloStrength: 0.5
  m_FlareStrength: 1
  m_FlareFadeSpeed: 3
  m_HaloTexture: {fileID: 0}
  m_SpotCookie: {fileID: 10001, guid: 0000000000000000e000000000000000, type: 0}
  m_DefaultReflectionMode: 0
  m_DefaultReflectionResolution: 128
  m_ReflectionBounces: 1
  m_ReflectionIntensity: 1
  m_CustomReflection: {fileID: 0}
  m_Sun: {fileID: 0}
  m_IndirectSpecularColor: {r: 0.45140004, g: 0.5008927, b: 0.5723176, a: 1}
  m_UseRadianceAmbientProbe: 0
--- !u!157 &3
LightmapSettings:
  m_ObjectHideFlags: 0
  serializedVersion: 11
  m_GIWorkflowMode: 0
  m_GISettings:
    serializedVersion: 2
    m_BounceScale: 1
    m_IndirectOutputScale: 1
    m_AlbedoBoost: 1
    m_TemporalCoherenceThreshold: 1
    m_EnvironmentLightingMode: 0
    m_EnableBakedLightmaps: 1
    m_EnableRealtimeLightmaps: 0
  m_LightmapEditorSettings:
    serializedVersion: 10
    m_Resolution: 2
    m_BakeResolution: 10
    m_AtlasSize: 512
    m_AO: 0
    m_AOMaxDistance: 1
    m_CompAOExponent: 1
    m_CompAOExponentDirect: 0
    m_Padding: 2
    m_LightmapParameters: {fileID: 0}
    m_LightmapsBakeMode: 1
    m_TextureCompression: 1
    m_FinalGather: 0
    m_FinalGatherFiltering: 1
    m_FinalGatherRayCount: 256
    m_ReflectionCompression: 2
    m_MixedBakeMode: 2
    m_BakeBackend: 1
    m_PVRSampling: 1
    m_PVRDirectSampleCount: 32
    m_PVRSampleCount: 256
    m_PVRBounces: 2
    m_PVRFilterTypeDirect: 0
    m_PVRFilterTypeIndirect: 0
    m_PVRFilterTypeAO: 0
    m_PVRFilteringMode: 1
    m_PVRCulling: 1
    m_PVRFilteringGaussRadiusDirect: 1
    m_PVRFilteringGaussRadiusIndirect: 5
    m_PVRFilteringGaussRadiusAO: 2
    m_PVRFilteringAtrousPositionSigmaDirect: 0.5
    m_PVRFilteringAtrousPositionSigmaIndirect: 2
    m_PVRFilteringAtrousPositionSigmaAO: 1
    m_ShowResolutionOverlay: 1
  m_LightingDataAsset: {fileID: 0}
  m_UseShadowmask: 1
--- !u!196 &4
NavMeshSettings:
  serializedVersion: 2
  m_ObjectHideFlags: 0
  m_BuildSettings:
    serializedVersion: 2
    agentTypeID: 0
    agentRadius: 0.3
    agentHeight: 10
    agentSlope: 0
    agentClimb: 10
    ledgeDropHeight: 10
    maxJumpAcrossDistance: 10
    minRegionArea: 0.5
    manualCellSize: 0
    cellSize: 0.1
    manualTileSize: 0
    tileSize: 256
    accuratePlacement: 0
    debug:
      m_Flags: 0
  m_NavMeshData: {fileID: 23800000, guid: 4589854ea190a4e389d2ec357dbf346b, type: 2}
--- !u!1001 &150949492
Prefab:
  m_ObjectHideFlags: 0
  serializedVersion: 2
  m_Modification:
    m_TransformParent: {fileID: 323993808}
    m_Modifications:
    - target: {fileID: 4513609643292880, guid: 66a2352a047f04bf9b752b290441b673, type: 2}
      propertyPath: m_LocalPosition.x
      value: 0
      objectReference: {fileID: 0}
    - target: {fileID: 4513609643292880, guid: 66a2352a047f04bf9b752b290441b673, type: 2}
      propertyPath: m_LocalPosition.y
      value: 5
      objectReference: {fileID: 0}
    - target: {fileID: 4513609643292880, guid: 66a2352a047f04bf9b752b290441b673, type: 2}
      propertyPath: m_LocalPosition.z
      value: 10
      objectReference: {fileID: 0}
    - target: {fileID: 4513609643292880, guid: 66a2352a047f04bf9b752b290441b673, type: 2}
      propertyPath: m_LocalRotation.x
      value: -0
      objectReference: {fileID: 0}
    - target: {fileID: 4513609643292880, guid: 66a2352a047f04bf9b752b290441b673, type: 2}
      propertyPath: m_LocalRotation.y
      value: -0
      objectReference: {fileID: 0}
    - target: {fileID: 4513609643292880, guid: 66a2352a047f04bf9b752b290441b673, type: 2}
      propertyPath: m_LocalRotation.z
      value: -0
      objectReference: {fileID: 0}
    - target: {fileID: 4513609643292880, guid: 66a2352a047f04bf9b752b290441b673, type: 2}
      propertyPath: m_LocalRotation.w
      value: 1
      objectReference: {fileID: 0}
    - target: {fileID: 4513609643292880, guid: 66a2352a047f04bf9b752b290441b673, type: 2}
      propertyPath: m_RootOrder
      value: 4
      objectReference: {fileID: 0}
    - target: {fileID: 4513609643292880, guid: 66a2352a047f04bf9b752b290441b673, type: 2}
      propertyPath: m_LocalScale.z
      value: 1
      objectReference: {fileID: 0}
    m_RemovedComponents: []
  m_SourcePrefab: {fileID: 100100000, guid: 66a2352a047f04bf9b752b290441b673, type: 2}
  m_IsPrefabAsset: 0
--- !u!4 &150949493 stripped
Transform:
  m_CorrespondingSourceObject: {fileID: 4513609643292880, guid: 66a2352a047f04bf9b752b290441b673,
    type: 2}
  m_PrefabInternal: {fileID: 150949492}
--- !u!1001 &286805886
Prefab:
  m_ObjectHideFlags: 0
  serializedVersion: 2
  m_Modification:
    m_TransformParent: {fileID: 0}
    m_Modifications:
    - target: {fileID: 4488279777397838, guid: 0d4fe5c7ff532459882cefadf6b668c0, type: 2}
      propertyPath: m_LocalPosition.x
      value: -5
      objectReference: {fileID: 0}
    - target: {fileID: 4488279777397838, guid: 0d4fe5c7ff532459882cefadf6b668c0, type: 2}
      propertyPath: m_LocalPosition.y
      value: 0.15
      objectReference: {fileID: 0}
    - target: {fileID: 4488279777397838, guid: 0d4fe5c7ff532459882cefadf6b668c0, type: 2}
      propertyPath: m_LocalPosition.z
      value: 0
      objectReference: {fileID: 0}
    - target: {fileID: 4488279777397838, guid: 0d4fe5c7ff532459882cefadf6b668c0, type: 2}
      propertyPath: m_LocalRotation.x
      value: 0
      objectReference: {fileID: 0}
    - target: {fileID: 4488279777397838, guid: 0d4fe5c7ff532459882cefadf6b668c0, type: 2}
      propertyPath: m_LocalRotation.y
      value: 0
      objectReference: {fileID: 0}
    - target: {fileID: 4488279777397838, guid: 0d4fe5c7ff532459882cefadf6b668c0, type: 2}
      propertyPath: m_LocalRotation.z
      value: 0
      objectReference: {fileID: 0}
    - target: {fileID: 4488279777397838, guid: 0d4fe5c7ff532459882cefadf6b668c0, type: 2}
      propertyPath: m_LocalRotation.w
      value: 1
      objectReference: {fileID: 0}
    - target: {fileID: 4488279777397838, guid: 0d4fe5c7ff532459882cefadf6b668c0, type: 2}
      propertyPath: m_RootOrder
      value: 0
      objectReference: {fileID: 0}
    - target: {fileID: 1630253173802778, guid: 0d4fe5c7ff532459882cefadf6b668c0, type: 2}
      propertyPath: m_Name
      value: Cat (1)
      objectReference: {fileID: 0}
    - target: {fileID: 114453426469569920, guid: 0d4fe5c7ff532459882cefadf6b668c0,
        type: 2}
      propertyPath: path_game_object
      value: 
      objectReference: {fileID: 950810047}
    - target: {fileID: 114956610293503434, guid: 0d4fe5c7ff532459882cefadf6b668c0,
        type: 2}
      propertyPath: KickSpeed
      value: 65
      objectReference: {fileID: 0}
    m_RemovedComponents: []
  m_SourcePrefab: {fileID: 100100000, guid: 0d4fe5c7ff532459882cefadf6b668c0, type: 2}
  m_IsPrefabAsset: 0
--- !u!114 &286805887 stripped
MonoBehaviour:
  m_CorrespondingSourceObject: {fileID: 114453426469569920, guid: 0d4fe5c7ff532459882cefadf6b668c0,
    type: 2}
  m_PrefabInternal: {fileID: 286805886}
  m_Script: {fileID: 11500000, guid: bdf62e9dfc1e341a491fc96eb68b50ca, type: 3}
--- !u!1 &323993807
GameObject:
  m_ObjectHideFlags: 0
  m_CorrespondingSourceObject: {fileID: 0}
  m_PrefabInternal: {fileID: 0}
  serializedVersion: 6
  m_Component:
  - component: {fileID: 323993808}
  m_Layer: 0
  m_Name: Room (1)
  m_TagString: Untagged
  m_Icon: {fileID: 0}
  m_NavMeshLayer: 0
  m_StaticEditorFlags: 0
  m_IsActive: 1
--- !u!4 &323993808
Transform:
  m_ObjectHideFlags: 0
  m_CorrespondingSourceObject: {fileID: 0}
  m_PrefabInternal: {fileID: 0}
  m_GameObject: {fileID: 323993807}
  m_LocalRotation: {x: 0, y: 0, z: 0, w: 1}
  m_LocalPosition: {x: 0, y: 0, z: 0}
  m_LocalScale: {x: 1, y: 1, z: 1}
  m_Children:
  - {fileID: 790674415}
  - {fileID: 1574884048}
  - {fileID: 1565416781}
  - {fileID: 570644384}
  - {fileID: 150949493}
  - {fileID: 800453807}
  m_Father: {fileID: 0}
  m_RootOrder: 2
  m_LocalEulerAnglesHint: {x: 0, y: 0, z: 0}
--- !u!1 &396865082
GameObject:
  m_ObjectHideFlags: 0
  m_CorrespondingSourceObject: {fileID: 1675537692757962, guid: 31c86d9cc52e64947bec906d545b581e,
    type: 2}
  m_PrefabInternal: {fileID: 0}
  serializedVersion: 6
  m_Component:
  - component: {fileID: 396865084}
  - component: {fileID: 396865083}
  m_Layer: 0
  m_Name: NavMesh (1)
  m_TagString: Untagged
  m_Icon: {fileID: 0}
  m_NavMeshLayer: 0
  m_StaticEditorFlags: 0
  m_IsActive: 1
--- !u!114 &396865083
MonoBehaviour:
  m_ObjectHideFlags: 0
  m_CorrespondingSourceObject: {fileID: 114519159164267256, guid: 31c86d9cc52e64947bec906d545b581e,
    type: 2}
  m_PrefabInternal: {fileID: 0}
  m_GameObject: {fileID: 396865082}
  m_Enabled: 1
  m_EditorHideFlags: 0
  m_Script: {fileID: 11500000, guid: 7a5ac11cc976e418e8d13136b07e1f52, type: 3}
  m_Name: 
  m_EditorClassIdentifier: 
  m_AgentTypeID: -1372625422
  m_CollectObjects: 0
  m_Size: {x: 10, y: 10, z: 10}
  m_Center: {x: 0, y: 2, z: 0}
  m_LayerMask:
    serializedVersion: 2
    m_Bits: 311
  m_UseGeometry: 0
  m_DefaultArea: 0
  m_IgnoreNavMeshAgent: 1
  m_IgnoreNavMeshObstacle: 1
  m_OverrideTileSize: 0
  m_TileSize: 256
  m_OverrideVoxelSize: 0
  m_VoxelSize: 0.033333335
  m_BuildHeightMesh: 0
  m_NavMeshData: {fileID: 0}
--- !u!4 &396865084
Transform:
  m_ObjectHideFlags: 0
  m_CorrespondingSourceObject: {fileID: 4855846622365906, guid: 31c86d9cc52e64947bec906d545b581e,
    type: 2}
  m_PrefabInternal: {fileID: 0}
  m_GameObject: {fileID: 396865082}
  m_LocalRotation: {x: -0, y: -0, z: -0, w: 1}
  m_LocalPosition: {x: 2.91, y: 0, z: 0}
  m_LocalScale: {x: 1, y: 1, z: 1}
  m_Children: []
  m_Father: {fileID: 0}
  m_RootOrder: 7
  m_LocalEulerAnglesHint: {x: 0, y: 0, z: 0}
--- !u!1001 &570644383
Prefab:
  m_ObjectHideFlags: 0
  serializedVersion: 2
  m_Modification:
    m_TransformParent: {fileID: 323993808}
    m_Modifications:
    - target: {fileID: 4006681823229296, guid: e4e5af39ef56a41518aa34c18cd51840, type: 2}
      propertyPath: m_LocalPosition.x
      value: 0
      objectReference: {fileID: 0}
    - target: {fileID: 4006681823229296, guid: e4e5af39ef56a41518aa34c18cd51840, type: 2}
      propertyPath: m_LocalPosition.y
      value: -1
      objectReference: {fileID: 0}
    - target: {fileID: 4006681823229296, guid: e4e5af39ef56a41518aa34c18cd51840, type: 2}
      propertyPath: m_LocalPosition.z
      value: 0
      objectReference: {fileID: 0}
    - target: {fileID: 4006681823229296, guid: e4e5af39ef56a41518aa34c18cd51840, type: 2}
      propertyPath: m_LocalRotation.x
      value: -0
      objectReference: {fileID: 0}
    - target: {fileID: 4006681823229296, guid: e4e5af39ef56a41518aa34c18cd51840, type: 2}
      propertyPath: m_LocalRotation.y
      value: -0
      objectReference: {fileID: 0}
    - target: {fileID: 4006681823229296, guid: e4e5af39ef56a41518aa34c18cd51840, type: 2}
      propertyPath: m_LocalRotation.z
      value: -0
      objectReference: {fileID: 0}
    - target: {fileID: 4006681823229296, guid: e4e5af39ef56a41518aa34c18cd51840, type: 2}
      propertyPath: m_LocalRotation.w
      value: 1
      objectReference: {fileID: 0}
    - target: {fileID: 4006681823229296, guid: e4e5af39ef56a41518aa34c18cd51840, type: 2}
      propertyPath: m_RootOrder
      value: 3
      objectReference: {fileID: 0}
    - target: {fileID: 4006681823229296, guid: e4e5af39ef56a41518aa34c18cd51840, type: 2}
      propertyPath: m_LocalScale.y
      value: 2
      objectReference: {fileID: 0}
    m_RemovedComponents: []
  m_SourcePrefab: {fileID: 100100000, guid: e4e5af39ef56a41518aa34c18cd51840, type: 2}
  m_IsPrefabAsset: 0
--- !u!4 &570644384 stripped
Transform:
  m_CorrespondingSourceObject: {fileID: 4006681823229296, guid: e4e5af39ef56a41518aa34c18cd51840,
    type: 2}
  m_PrefabInternal: {fileID: 570644383}
--- !u!1001 &790674414
Prefab:
  m_ObjectHideFlags: 0
  serializedVersion: 2
  m_Modification:
    m_TransformParent: {fileID: 323993808}
    m_Modifications:
    - target: {fileID: 4654444720480586, guid: a8f5ab1b318ed4c4495470cc95315f0e, type: 2}
      propertyPath: m_LocalPosition.x
      value: -5
      objectReference: {fileID: 0}
    - target: {fileID: 4654444720480586, guid: a8f5ab1b318ed4c4495470cc95315f0e, type: 2}
      propertyPath: m_LocalPosition.y
      value: 2.95
      objectReference: {fileID: 0}
    - target: {fileID: 4654444720480586, guid: a8f5ab1b318ed4c4495470cc95315f0e, type: 2}
      propertyPath: m_LocalPosition.z
      value: 8.5
      objectReference: {fileID: 0}
    - target: {fileID: 4654444720480586, guid: a8f5ab1b318ed4c4495470cc95315f0e, type: 2}
      propertyPath: m_LocalRotation.x
      value: -0
      objectReference: {fileID: 0}
    - target: {fileID: 4654444720480586, guid: a8f5ab1b318ed4c4495470cc95315f0e, type: 2}
      propertyPath: m_LocalRotation.y
      value: -0
      objectReference: {fileID: 0}
    - target: {fileID: 4654444720480586, guid: a8f5ab1b318ed4c4495470cc95315f0e, type: 2}
      propertyPath: m_LocalRotation.z
      value: -0
      objectReference: {fileID: 0}
    - target: {fileID: 4654444720480586, guid: a8f5ab1b318ed4c4495470cc95315f0e, type: 2}
      propertyPath: m_LocalRotation.w
      value: 1
      objectReference: {fileID: 0}
    - target: {fileID: 4654444720480586, guid: a8f5ab1b318ed4c4495470cc95315f0e, type: 2}
      propertyPath: m_RootOrder
      value: 0
      objectReference: {fileID: 0}
    m_RemovedComponents: []
  m_SourcePrefab: {fileID: 100100000, guid: a8f5ab1b318ed4c4495470cc95315f0e, type: 2}
  m_IsPrefabAsset: 0
--- !u!4 &790674415 stripped
Transform:
  m_CorrespondingSourceObject: {fileID: 4654444720480586, guid: a8f5ab1b318ed4c4495470cc95315f0e,
    type: 2}
  m_PrefabInternal: {fileID: 790674414}
--- !u!1001 &800453806
Prefab:
  m_ObjectHideFlags: 0
  serializedVersion: 2
  m_Modification:
    m_TransformParent: {fileID: 323993808}
    m_Modifications:
    - target: {fileID: 4513609643292880, guid: 66a2352a047f04bf9b752b290441b673, type: 2}
      propertyPath: m_LocalPosition.x
      value: 10
      objectReference: {fileID: 0}
    - target: {fileID: 4513609643292880, guid: 66a2352a047f04bf9b752b290441b673, type: 2}
      propertyPath: m_LocalPosition.y
      value: 5
      objectReference: {fileID: 0}
    - target: {fileID: 4513609643292880, guid: 66a2352a047f04bf9b752b290441b673, type: 2}
      propertyPath: m_LocalPosition.z
      value: 0
      objectReference: {fileID: 0}
    - target: {fileID: 4513609643292880, guid: 66a2352a047f04bf9b752b290441b673, type: 2}
      propertyPath: m_LocalRotation.x
      value: 0
      objectReference: {fileID: 0}
    - target: {fileID: 4513609643292880, guid: 66a2352a047f04bf9b752b290441b673, type: 2}
      propertyPath: m_LocalRotation.y
      value: 0.7071068
      objectReference: {fileID: 0}
    - target: {fileID: 4513609643292880, guid: 66a2352a047f04bf9b752b290441b673, type: 2}
      propertyPath: m_LocalRotation.z
      value: 0
      objectReference: {fileID: 0}
    - target: {fileID: 4513609643292880, guid: 66a2352a047f04bf9b752b290441b673, type: 2}
      propertyPath: m_LocalRotation.w
      value: 0.7071068
      objectReference: {fileID: 0}
    - target: {fileID: 4513609643292880, guid: 66a2352a047f04bf9b752b290441b673, type: 2}
      propertyPath: m_RootOrder
      value: 5
      objectReference: {fileID: 0}
    - target: {fileID: 1990797772457252, guid: 66a2352a047f04bf9b752b290441b673, type: 2}
      propertyPath: m_Name
      value: BackWall (2)
      objectReference: {fileID: 0}
    - target: {fileID: 4513609643292880, guid: 66a2352a047f04bf9b752b290441b673, type: 2}
      propertyPath: m_LocalEulerAnglesHint.y
      value: 90
      objectReference: {fileID: 0}
    m_RemovedComponents: []
  m_SourcePrefab: {fileID: 100100000, guid: 66a2352a047f04bf9b752b290441b673, type: 2}
  m_IsPrefabAsset: 0
--- !u!4 &800453807 stripped
Transform:
  m_CorrespondingSourceObject: {fileID: 4513609643292880, guid: 66a2352a047f04bf9b752b290441b673,
    type: 2}
  m_PrefabInternal: {fileID: 800453806}
--- !u!1001 &841158314
Prefab:
  m_ObjectHideFlags: 0
  serializedVersion: 2
  m_Modification:
    m_TransformParent: {fileID: 0}
    m_Modifications:
    - target: {fileID: 4746358980966938, guid: f03c78658c6a94c2984c0da51d5b2862, type: 2}
      propertyPath: m_LocalPosition.x
      value: 0
      objectReference: {fileID: 0}
    - target: {fileID: 4746358980966938, guid: f03c78658c6a94c2984c0da51d5b2862, type: 2}
      propertyPath: m_LocalPosition.y
      value: 7.6
      objectReference: {fileID: 0}
    - target: {fileID: 4746358980966938, guid: f03c78658c6a94c2984c0da51d5b2862, type: 2}
      propertyPath: m_LocalPosition.z
      value: 0
      objectReference: {fileID: 0}
    - target: {fileID: 4746358980966938, guid: f03c78658c6a94c2984c0da51d5b2862, type: 2}
      propertyPath: m_LocalRotation.x
      value: 0.25488704
      objectReference: {fileID: 0}
    - target: {fileID: 4746358980966938, guid: f03c78658c6a94c2984c0da51d5b2862, type: 2}
      propertyPath: m_LocalRotation.y
      value: -0.16773131
      objectReference: {fileID: 0}
    - target: {fileID: 4746358980966938, guid: f03c78658c6a94c2984c0da51d5b2862, type: 2}
      propertyPath: m_LocalRotation.z
      value: 0.04494348
      objectReference: {fileID: 0}
    - target: {fileID: 4746358980966938, guid: f03c78658c6a94c2984c0da51d5b2862, type: 2}
      propertyPath: m_LocalRotation.w
      value: 0.9512512
      objectReference: {fileID: 0}
    - target: {fileID: 4746358980966938, guid: f03c78658c6a94c2984c0da51d5b2862, type: 2}
      propertyPath: m_RootOrder
      value: 4
      objectReference: {fileID: 0}
    - target: {fileID: 1694586252724270, guid: f03c78658c6a94c2984c0da51d5b2862, type: 2}
      propertyPath: m_Name
      value: WindowLight (1)
      objectReference: {fileID: 0}
    m_RemovedComponents: []
  m_SourcePrefab: {fileID: 100100000, guid: f03c78658c6a94c2984c0da51d5b2862, type: 2}
  m_IsPrefabAsset: 0
--- !u!1001 &890203367
Prefab:
  m_ObjectHideFlags: 0
  serializedVersion: 2
  m_Modification:
    m_TransformParent: {fileID: 0}
    m_Modifications:
    - target: {fileID: 224309640433660390, guid: 18d341edfa20c46dcb9cf0e43605b940,
        type: 2}
      propertyPath: m_RootOrder
      value: 1
      objectReference: {fileID: 0}
    - target: {fileID: 224309640433660390, guid: 18d341edfa20c46dcb9cf0e43605b940,
        type: 2}
      propertyPath: m_LocalPosition.x
      value: 0
      objectReference: {fileID: 0}
    - target: {fileID: 224309640433660390, guid: 18d341edfa20c46dcb9cf0e43605b940,
        type: 2}
      propertyPath: m_LocalPosition.y
      value: 0
      objectReference: {fileID: 0}
    - target: {fileID: 224309640433660390, guid: 18d341edfa20c46dcb9cf0e43605b940,
        type: 2}
      propertyPath: m_LocalPosition.z
      value: 0
      objectReference: {fileID: 0}
    - target: {fileID: 224309640433660390, guid: 18d341edfa20c46dcb9cf0e43605b940,
        type: 2}
      propertyPath: m_LocalRotation.x
      value: 0
      objectReference: {fileID: 0}
    - target: {fileID: 224309640433660390, guid: 18d341edfa20c46dcb9cf0e43605b940,
        type: 2}
      propertyPath: m_LocalRotation.y
      value: 0
      objectReference: {fileID: 0}
    - target: {fileID: 224309640433660390, guid: 18d341edfa20c46dcb9cf0e43605b940,
        type: 2}
      propertyPath: m_LocalRotation.z
      value: 0
      objectReference: {fileID: 0}
    - target: {fileID: 224309640433660390, guid: 18d341edfa20c46dcb9cf0e43605b940,
        type: 2}
      propertyPath: m_LocalRotation.w
      value: 1
      objectReference: {fileID: 0}
    - target: {fileID: 224309640433660390, guid: 18d341edfa20c46dcb9cf0e43605b940,
        type: 2}
      propertyPath: m_RootOrder
      value: 9
      objectReference: {fileID: 0}
    - target: {fileID: 224309640433660390, guid: 18d341edfa20c46dcb9cf0e43605b940,
        type: 2}
      propertyPath: m_AnchoredPosition.x
      value: 0
      objectReference: {fileID: 0}
    - target: {fileID: 224309640433660390, guid: 18d341edfa20c46dcb9cf0e43605b940,
        type: 2}
      propertyPath: m_AnchoredPosition.y
      value: 0
      objectReference: {fileID: 0}
    - target: {fileID: 224309640433660390, guid: 18d341edfa20c46dcb9cf0e43605b940,
        type: 2}
      propertyPath: m_SizeDelta.x
      value: 0
      objectReference: {fileID: 0}
    - target: {fileID: 224309640433660390, guid: 18d341edfa20c46dcb9cf0e43605b940,
        type: 2}
      propertyPath: m_SizeDelta.y
      value: 0
      objectReference: {fileID: 0}
    - target: {fileID: 224309640433660390, guid: 18d341edfa20c46dcb9cf0e43605b940,
        type: 2}
      propertyPath: m_AnchorMin.x
      value: 0
      objectReference: {fileID: 0}
    - target: {fileID: 224309640433660390, guid: 18d341edfa20c46dcb9cf0e43605b940,
        type: 2}
      propertyPath: m_AnchorMin.y
      value: 0
      objectReference: {fileID: 0}
    - target: {fileID: 224309640433660390, guid: 18d341edfa20c46dcb9cf0e43605b940,
        type: 2}
      propertyPath: m_AnchorMax.x
      value: 0
      objectReference: {fileID: 0}
    - target: {fileID: 224309640433660390, guid: 18d341edfa20c46dcb9cf0e43605b940,
        type: 2}
      propertyPath: m_AnchorMax.y
      value: 0
      objectReference: {fileID: 0}
    - target: {fileID: 224309640433660390, guid: 18d341edfa20c46dcb9cf0e43605b940,
        type: 2}
      propertyPath: m_Pivot.x
      value: 0
      objectReference: {fileID: 0}
    - target: {fileID: 224309640433660390, guid: 18d341edfa20c46dcb9cf0e43605b940,
        type: 2}
      propertyPath: m_Pivot.y
      value: 0
      objectReference: {fileID: 0}
    - target: {fileID: 1217343099961476, guid: 18d341edfa20c46dcb9cf0e43605b940, type: 2}
      propertyPath: m_Name
      value: Canvas (1)
      objectReference: {fileID: 0}
    m_RemovedComponents: []
  m_SourcePrefab: {fileID: 100100000, guid: 18d341edfa20c46dcb9cf0e43605b940, type: 2}
  m_IsPrefabAsset: 0
--- !u!114 &890203368 stripped
MonoBehaviour:
  m_CorrespondingSourceObject: {fileID: 114256954114458326, guid: 18d341edfa20c46dcb9cf0e43605b940,
    type: 2}
  m_PrefabInternal: {fileID: 890203367}
  m_Script: {fileID: 708705254, guid: f70555f144d8491a825f0804e09c671c, type: 3}
--- !u!1 &950810047
GameObject:
  m_ObjectHideFlags: 0
  m_CorrespondingSourceObject: {fileID: 0}
  m_PrefabInternal: {fileID: 0}
  serializedVersion: 6
  m_Component:
  - component: {fileID: 950810048}
  m_Layer: 0
  m_Name: Vases (1)
  m_TagString: Untagged
  m_Icon: {fileID: 0}
  m_NavMeshLayer: 0
  m_StaticEditorFlags: 0
  m_IsActive: 1
--- !u!4 &950810048
Transform:
  m_ObjectHideFlags: 0
  m_CorrespondingSourceObject: {fileID: 0}
  m_PrefabInternal: {fileID: 0}
  m_GameObject: {fileID: 950810047}
  m_LocalRotation: {x: 0, y: 0, z: 0, w: 1}
  m_LocalPosition: {x: 0, y: 0, z: 0}
  m_LocalScale: {x: 1, y: 1, z: 1}
  m_Children:
  - {fileID: 1222974225}
  - {fileID: 1290104423}
  m_Father: {fileID: 0}
  m_RootOrder: 6
  m_LocalEulerAnglesHint: {x: 0, y: 0, z: 0}
--- !u!1001 &1222974224
Prefab:
  m_ObjectHideFlags: 0
  serializedVersion: 2
  m_Modification:
    m_TransformParent: {fileID: 950810048}
    m_Modifications:
    - target: {fileID: 4687847866620966, guid: 6216ba94ff6a141f1ba612f6bc452e5d, type: 2}
      propertyPath: m_LocalPosition.x
      value: -6
      objectReference: {fileID: 0}
    - target: {fileID: 4687847866620966, guid: 6216ba94ff6a141f1ba612f6bc452e5d, type: 2}
      propertyPath: m_LocalPosition.y
      value: 4
      objectReference: {fileID: 0}
    - target: {fileID: 4687847866620966, guid: 6216ba94ff6a141f1ba612f6bc452e5d, type: 2}
      propertyPath: m_LocalPosition.z
      value: 8.5
      objectReference: {fileID: 0}
    - target: {fileID: 4687847866620966, guid: 6216ba94ff6a141f1ba612f6bc452e5d, type: 2}
      propertyPath: m_LocalRotation.x
      value: -0
      objectReference: {fileID: 0}
    - target: {fileID: 4687847866620966, guid: 6216ba94ff6a141f1ba612f6bc452e5d, type: 2}
      propertyPath: m_LocalRotation.y
      value: -0
      objectReference: {fileID: 0}
    - target: {fileID: 4687847866620966, guid: 6216ba94ff6a141f1ba612f6bc452e5d, type: 2}
      propertyPath: m_LocalRotation.z
      value: -0
      objectReference: {fileID: 0}
    - target: {fileID: 4687847866620966, guid: 6216ba94ff6a141f1ba612f6bc452e5d, type: 2}
      propertyPath: m_LocalRotation.w
      value: 1
      objectReference: {fileID: 0}
    - target: {fileID: 4687847866620966, guid: 6216ba94ff6a141f1ba612f6bc452e5d, type: 2}
      propertyPath: m_RootOrder
      value: 0
      objectReference: {fileID: 0}
    - target: {fileID: 1693905606021456, guid: 6216ba94ff6a141f1ba612f6bc452e5d, type: 2}
      propertyPath: m_Name
      value: Vase (5)
      objectReference: {fileID: 0}
    m_RemovedComponents: []
  m_SourcePrefab: {fileID: 100100000, guid: 6216ba94ff6a141f1ba612f6bc452e5d, type: 2}
  m_IsPrefabAsset: 0
--- !u!4 &1222974225 stripped
Transform:
  m_CorrespondingSourceObject: {fileID: 4687847866620966, guid: 6216ba94ff6a141f1ba612f6bc452e5d,
    type: 2}
  m_PrefabInternal: {fileID: 1222974224}
--- !u!1001 &1290104422
Prefab:
  m_ObjectHideFlags: 0
  serializedVersion: 2
  m_Modification:
    m_TransformParent: {fileID: 950810048}
    m_Modifications:
    - target: {fileID: 4687847866620966, guid: 6216ba94ff6a141f1ba612f6bc452e5d, type: 2}
      propertyPath: m_LocalPosition.x
      value: -6
      objectReference: {fileID: 0}
    - target: {fileID: 4687847866620966, guid: 6216ba94ff6a141f1ba612f6bc452e5d, type: 2}
      propertyPath: m_LocalPosition.y
      value: 7
      objectReference: {fileID: 0}
    - target: {fileID: 4687847866620966, guid: 6216ba94ff6a141f1ba612f6bc452e5d, type: 2}
      propertyPath: m_LocalPosition.z
      value: 8.5
      objectReference: {fileID: 0}
    - target: {fileID: 4687847866620966, guid: 6216ba94ff6a141f1ba612f6bc452e5d, type: 2}
      propertyPath: m_LocalRotation.x
      value: -0
      objectReference: {fileID: 0}
    - target: {fileID: 4687847866620966, guid: 6216ba94ff6a141f1ba612f6bc452e5d, type: 2}
      propertyPath: m_LocalRotation.y
      value: -0
      objectReference: {fileID: 0}
    - target: {fileID: 4687847866620966, guid: 6216ba94ff6a141f1ba612f6bc452e5d, type: 2}
      propertyPath: m_LocalRotation.z
      value: -0
      objectReference: {fileID: 0}
    - target: {fileID: 4687847866620966, guid: 6216ba94ff6a141f1ba612f6bc452e5d, type: 2}
      propertyPath: m_LocalRotation.w
      value: 1
      objectReference: {fileID: 0}
    - target: {fileID: 4687847866620966, guid: 6216ba94ff6a141f1ba612f6bc452e5d, type: 2}
      propertyPath: m_RootOrder
      value: 1
      objectReference: {fileID: 0}
    - target: {fileID: 1693905606021456, guid: 6216ba94ff6a141f1ba612f6bc452e5d, type: 2}
      propertyPath: m_Name
      value: Vase (6)
      objectReference: {fileID: 0}
    m_RemovedComponents: []
  m_SourcePrefab: {fileID: 100100000, guid: 6216ba94ff6a141f1ba612f6bc452e5d, type: 2}
  m_IsPrefabAsset: 0
--- !u!4 &1290104423 stripped
Transform:
  m_CorrespondingSourceObject: {fileID: 4687847866620966, guid: 6216ba94ff6a141f1ba612f6bc452e5d,
    type: 2}
  m_PrefabInternal: {fileID: 1290104422}
--- !u!1001 &1392419454
Prefab:
  m_ObjectHideFlags: 0
  serializedVersion: 2
  m_Modification:
    m_TransformParent: {fileID: 0}
    m_Modifications:
    - target: {fileID: 4808524410654054, guid: c05dd49a523a84f4787ec67da92f08eb, type: 2}
      propertyPath: m_LocalPosition.x
      value: 0
      objectReference: {fileID: 0}
    - target: {fileID: 4808524410654054, guid: c05dd49a523a84f4787ec67da92f08eb, type: 2}
      propertyPath: m_LocalPosition.y
      value: 20
      objectReference: {fileID: 0}
    - target: {fileID: 4808524410654054, guid: c05dd49a523a84f4787ec67da92f08eb, type: 2}
      propertyPath: m_LocalPosition.z
      value: 0
      objectReference: {fileID: 0}
    - target: {fileID: 4808524410654054, guid: c05dd49a523a84f4787ec67da92f08eb, type: 2}
      propertyPath: m_LocalRotation.x
      value: 0
      objectReference: {fileID: 0}
    - target: {fileID: 4808524410654054, guid: c05dd49a523a84f4787ec67da92f08eb, type: 2}
      propertyPath: m_LocalRotation.y
      value: 0
      objectReference: {fileID: 0}
    - target: {fileID: 4808524410654054, guid: c05dd49a523a84f4787ec67da92f08eb, type: 2}
      propertyPath: m_LocalRotation.z
      value: 0
      objectReference: {fileID: 0}
    - target: {fileID: 4808524410654054, guid: c05dd49a523a84f4787ec67da92f08eb, type: 2}
      propertyPath: m_LocalRotation.w
      value: 1
      objectReference: {fileID: 0}
    - target: {fileID: 4808524410654054, guid: c05dd49a523a84f4787ec67da92f08eb, type: 2}
      propertyPath: m_RootOrder
      value: 5
      objectReference: {fileID: 0}
    - target: {fileID: 114026902663097684, guid: c05dd49a523a84f4787ec67da92f08eb,
        type: 2}
      propertyPath: cat_ai
      value: 
      objectReference: {fileID: 286805887}
    - target: {fileID: 114804391830132548, guid: c05dd49a523a84f4787ec67da92f08eb,
        type: 2}
      propertyPath: score_text
      value: 
      objectReference: {fileID: 890203368}
    - target: {fileID: 114026902663097684, guid: c05dd49a523a84f4787ec67da92f08eb,
        type: 2}
      propertyPath: CatAI
      value: 
      objectReference: {fileID: 286805887}
    - target: {fileID: 114026902663097684, guid: c05dd49a523a84f4787ec67da92f08eb,
        type: 2}
      propertyPath: Player
      value: 
      objectReference: {fileID: 1637073968}
    - target: {fileID: 1730539066416030, guid: c05dd49a523a84f4787ec67da92f08eb, type: 2}
      propertyPath: m_Name
      value: GameManager (1)
      objectReference: {fileID: 0}
    m_RemovedComponents: []
  m_SourcePrefab: {fileID: 100100000, guid: c05dd49a523a84f4787ec67da92f08eb, type: 2}
  m_IsPrefabAsset: 0
--- !u!1001 &1565416780
Prefab:
  m_ObjectHideFlags: 0
  serializedVersion: 2
  m_Modification:
    m_TransformParent: {fileID: 323993808}
    m_Modifications:
    - target: {fileID: 4975155286853034, guid: 83ef552087e48475eb96b4b0ffda7649, type: 2}
      propertyPath: m_LocalPosition.x
      value: 0
      objectReference: {fileID: 0}
    - target: {fileID: 4975155286853034, guid: 83ef552087e48475eb96b4b0ffda7649, type: 2}
      propertyPath: m_LocalPosition.y
      value: 11
      objectReference: {fileID: 0}
    - target: {fileID: 4975155286853034, guid: 83ef552087e48475eb96b4b0ffda7649, type: 2}
      propertyPath: m_LocalPosition.z
      value: 0
      objectReference: {fileID: 0}
    - target: {fileID: 4975155286853034, guid: 83ef552087e48475eb96b4b0ffda7649, type: 2}
      propertyPath: m_LocalRotation.x
      value: -0
      objectReference: {fileID: 0}
    - target: {fileID: 4975155286853034, guid: 83ef552087e48475eb96b4b0ffda7649, type: 2}
      propertyPath: m_LocalRotation.y
      value: -0
      objectReference: {fileID: 0}
    - target: {fileID: 4975155286853034, guid: 83ef552087e48475eb96b4b0ffda7649, type: 2}
      propertyPath: m_LocalRotation.z
      value: -0
      objectReference: {fileID: 0}
    - target: {fileID: 4975155286853034, guid: 83ef552087e48475eb96b4b0ffda7649, type: 2}
      propertyPath: m_LocalRotation.w
      value: 1
      objectReference: {fileID: 0}
    - target: {fileID: 4975155286853034, guid: 83ef552087e48475eb96b4b0ffda7649, type: 2}
      propertyPath: m_RootOrder
      value: 2
      objectReference: {fileID: 0}
    - target: {fileID: 1611519885895408, guid: 83ef552087e48475eb96b4b0ffda7649, type: 2}
      propertyPath: m_IsActive
      value: 0
      objectReference: {fileID: 0}
    - target: {fileID: 4975155286853034, guid: 83ef552087e48475eb96b4b0ffda7649, type: 2}
      propertyPath: m_LocalScale.y
      value: 2
      objectReference: {fileID: 0}
    m_RemovedComponents: []
  m_SourcePrefab: {fileID: 100100000, guid: 83ef552087e48475eb96b4b0ffda7649, type: 2}
  m_IsPrefabAsset: 0
--- !u!4 &1565416781 stripped
Transform:
  m_CorrespondingSourceObject: {fileID: 4975155286853034, guid: 83ef552087e48475eb96b4b0ffda7649,
    type: 2}
  m_PrefabInternal: {fileID: 1565416780}
--- !u!1001 &1574884047
Prefab:
  m_ObjectHideFlags: 0
  serializedVersion: 2
  m_Modification:
    m_TransformParent: {fileID: 323993808}
    m_Modifications:
    - target: {fileID: 4654444720480586, guid: a8f5ab1b318ed4c4495470cc95315f0e, type: 2}
      propertyPath: m_LocalPosition.x
      value: -5
      objectReference: {fileID: 0}
    - target: {fileID: 4654444720480586, guid: a8f5ab1b318ed4c4495470cc95315f0e, type: 2}
      propertyPath: m_LocalPosition.y
      value: 5.95
      objectReference: {fileID: 0}
    - target: {fileID: 4654444720480586, guid: a8f5ab1b318ed4c4495470cc95315f0e, type: 2}
      propertyPath: m_LocalPosition.z
      value: 8.5
      objectReference: {fileID: 0}
    - target: {fileID: 4654444720480586, guid: a8f5ab1b318ed4c4495470cc95315f0e, type: 2}
      propertyPath: m_LocalRotation.x
      value: -0
      objectReference: {fileID: 0}
    - target: {fileID: 4654444720480586, guid: a8f5ab1b318ed4c4495470cc95315f0e, type: 2}
      propertyPath: m_LocalRotation.y
      value: -0
      objectReference: {fileID: 0}
    - target: {fileID: 4654444720480586, guid: a8f5ab1b318ed4c4495470cc95315f0e, type: 2}
      propertyPath: m_LocalRotation.z
      value: -0
      objectReference: {fileID: 0}
    - target: {fileID: 4654444720480586, guid: a8f5ab1b318ed4c4495470cc95315f0e, type: 2}
      propertyPath: m_LocalRotation.w
      value: 1
      objectReference: {fileID: 0}
    - target: {fileID: 4654444720480586, guid: a8f5ab1b318ed4c4495470cc95315f0e, type: 2}
      propertyPath: m_RootOrder
      value: 1
      objectReference: {fileID: 0}
    - target: {fileID: 4654444720480586, guid: a8f5ab1b318ed4c4495470cc95315f0e, type: 2}
      propertyPath: m_LocalScale.x
      value: 4
      objectReference: {fileID: 0}
    m_RemovedComponents: []
  m_SourcePrefab: {fileID: 100100000, guid: a8f5ab1b318ed4c4495470cc95315f0e, type: 2}
  m_IsPrefabAsset: 0
--- !u!4 &1574884048 stripped
Transform:
  m_CorrespondingSourceObject: {fileID: 4654444720480586, guid: a8f5ab1b318ed4c4495470cc95315f0e,
    type: 2}
  m_PrefabInternal: {fileID: 1574884047}
--- !u!1001 &1637073967
Prefab:
  m_ObjectHideFlags: 0
  serializedVersion: 2
  m_Modification:
    m_TransformParent: {fileID: 0}
    m_Modifications:
    - target: {fileID: 4415099289661518, guid: 47a6adfc2957f4afd983a75fed6ad01f, type: 2}
      propertyPath: m_LocalPosition.x
      value: 0
      objectReference: {fileID: 0}
    - target: {fileID: 4415099289661518, guid: 47a6adfc2957f4afd983a75fed6ad01f, type: 2}
      propertyPath: m_LocalPosition.y
      value: 4
      objectReference: {fileID: 0}
    - target: {fileID: 4415099289661518, guid: 47a6adfc2957f4afd983a75fed6ad01f, type: 2}
      propertyPath: m_LocalPosition.z
      value: 0
      objectReference: {fileID: 0}
    - target: {fileID: 4415099289661518, guid: 47a6adfc2957f4afd983a75fed6ad01f, type: 2}
      propertyPath: m_LocalRotation.x
      value: -0
      objectReference: {fileID: 0}
    - target: {fileID: 4415099289661518, guid: 47a6adfc2957f4afd983a75fed6ad01f, type: 2}
      propertyPath: m_LocalRotation.y
      value: 0.000000063325004
      objectReference: {fileID: 0}
    - target: {fileID: 4415099289661518, guid: 47a6adfc2957f4afd983a75fed6ad01f, type: 2}
      propertyPath: m_LocalRotation.z
      value: -0
      objectReference: {fileID: 0}
    - target: {fileID: 4415099289661518, guid: 47a6adfc2957f4afd983a75fed6ad01f, type: 2}
      propertyPath: m_LocalRotation.w
      value: 1
      objectReference: {fileID: 0}
    - target: {fileID: 4415099289661518, guid: 47a6adfc2957f4afd983a75fed6ad01f, type: 2}
      propertyPath: m_RootOrder
      value: 3
      objectReference: {fileID: 0}
    - target: {fileID: 1061122121860412, guid: 47a6adfc2957f4afd983a75fed6ad01f, type: 2}
      propertyPath: m_Name
      value: MainCameraAndGun (1)
      objectReference: {fileID: 0}
    m_RemovedComponents: []
  m_SourcePrefab: {fileID: 100100000, guid: 47a6adfc2957f4afd983a75fed6ad01f, type: 2}
  m_IsPrefabAsset: 0
--- !u!1 &1637073968 stripped
GameObject:
  m_CorrespondingSourceObject: {fileID: 1061122121860412, guid: 47a6adfc2957f4afd983a75fed6ad01f,
    type: 2}
  m_PrefabInternal: {fileID: 1637073967}
